<?xml version="1.0" encoding="UTF-8"?><collection xmlns="http://www.loc.gov/MARC21/slim"><record><leader>00490nam--2200157-i-4500</leader><controlfield tag="001">000010544</controlfield><controlfield tag="002">20161230</controlfield><controlfield tag="005">20170115154654</controlfield><controlfield tag="008">060222s1000------------r-----000-0-eng-d</controlfield><datafield ind1=" " ind2=" " tag="080"><subfield code="a">015:621.039.5</subfield></datafield><datafield ind1=" " ind2=" " tag="100"><subfield code="a">Charlety, Paul</subfield></datafield><datafield ind1=" " ind2=" " tag="245"><subfield code="a">Ebullition du sodium en convection forcee. Etude effectuee dans le cadre de la surete des rea cteurs a neutrons rapides</subfield><subfield code="b">these</subfield></datafield><datafield ind1=" " ind2=" " tag="260"><subfield code="a">Grenoble</subfield><subfield code="b">Faculte Des Sciences</subfield><subfield code="c">1971</subfield></datafield><datafield ind1=" " ind2=" " tag="300"><subfield code="a">/Figuri</subfield></datafield><datafield ind1=" " ind2=" " tag="852"><subfield code="a">38152</subfield></datafield><datafield ind1=" " ind2=" " tag="CAT"><subfield code="a">SYS</subfield><subfield code="c">20170115</subfield><subfield code="h">154654</subfield></datafield></record></collection>